<?xml version="1.0" encoding="UTF-8"?><collection xmlns="http://www.loc.gov/MARC21/slim"><record><leader>00607nam--2200193-u-4500</leader><controlfield tag="001">000055016</controlfield><controlfield tag="002">20161230</controlfield><controlfield tag="005">20170113132752</controlfield><controlfield tag="008">121022s1000------------r-----000-0-eng-d</controlfield><datafield ind1=" " ind2=" " tag="020"><subfield code="a">9786068310930</subfield></datafield><datafield ind1=" " ind2=" " tag="040"><subfield code="a">IFIN-HH</subfield></datafield><datafield ind1="1" ind2=" " tag="100"><subfield code="a">Penes, Nicolae</subfield></datafield><datafield ind1="1" ind2="0" tag="245"><subfield code="a">Marturiile unui luptator: dr.ing. Mihail Balanescu</subfield><subfield code="b">Prefata: prof.dr. Constantin Balaceanu Stolnici; postfata: prof.dr. Nicolae Zamfir</subfield><subfield code="c">Nicolae Penes</subfield></datafield><datafield ind1=" " ind2=" " tag="250"><subfield code="a">Editia a 2-a Revazuta si adaugita</subfield></datafield><datafield ind1=" " ind2=" " tag="260"><subfield code="a">Buzau</subfield><subfield code="b">Editgraph</subfield><subfield code="c">2012</subfield></datafield><datafield ind1=" " ind2=" " tag="300"><subfield code="a">349P.+DIF.PAG</subfield></datafield><datafield ind1=" " ind2=" " tag="500"><subfield code="a">Donatie</subfield></datafield><datafield ind1=" " ind2=" " tag="852"><subfield code="a">82342</subfield><subfield code="c">92</subfield></datafield><datafield ind1=" " ind2=" " tag="CAT"><subfield code="a">SYS</subfield><subfield code="c">20170113</subfield><subfield code="h">132752</subfield></datafield></record></collection>